<?xml version="1.0" encoding="UTF-8"?><record xmlns="http://www.loc.gov/MARC21/slim" xmlns:cinclude="http://apache.org/cocoon/include/1.0" xmlns:zs="http://www.loc.gov/zing/srw/">
  <leader>00538cz  a2200157n  4500</leader>
  <controlfield tag="001">no2007005927</controlfield>
  <controlfield tag="003">DLC</controlfield>
  <controlfield tag="005">20070127075144.0</controlfield>
  <controlfield tag="008">070118n| acannaabn          |a aaa     c</controlfield>
  <datafield tag="010" ind1=" " ind2=" ">
    <subfield code="a">no2007005927</subfield>
  </datafield>
  <datafield tag="035" ind1=" " ind2=" ">
    <subfield code="a">(OCoLC)oca07303124</subfield>
  </datafield>
  <datafield tag="040" ind1=" " ind2=" ">
    <subfield code="a">WlAbNL</subfield>
    <subfield code="b">eng</subfield>
    <subfield code="c">WlAbNL</subfield>
    <subfield code="d">DLC</subfield>
  </datafield>
  <datafield tag="100" ind1="0" ind2=" ">
    <subfield code="a">Cadvan,</subfield>
    <subfield code="d">1846-1923</subfield>
  </datafield>
  <datafield tag="400" ind1="1" ind2=" ">
    <subfield code="a">Davies, John Cadvan,</subfield>
    <subfield code="d">1846-1923</subfield>
  </datafield>
  <datafield tag="670" ind1=" " ind2=" ">
    <subfield code="a">Pryddest dydd coroniad ..., 1894:</subfield>
    <subfield code="b">t.p. (Cadvan)</subfield>
  </datafield>
  <datafield tag="670" ind1=" " ind2=" ">
    <subfield code="a">The new companion to the literature of Wales, 1998</subfield>
    <subfield code="b">(Davies, John Cadvan (Cadvan: 1846-1923), hymn-writer and minister)</subfield>
  </datafield>
</record>